4506 5782
1014 1281 1036 1357 Ι,
1061 1285 1088 1343 5.
1114 1285 1142 1344 4.

354 1421 406 1484 lto
430 1422 523 1504 pacis
548 1424 605 1506 [sie
633 1424 722 1486 codd.
748 1423 996 1506 praestantiores
1020 1433 1143 1508 praetor
1166 1424 1189 1486 Τ
1209 1423 1340 1508 praalais]
1364 1425 1529 1488 roiumodo
1553 1423 1641 1486 leoste
1664 1423 1791 1487 hortulo
1817 1425 1954 1487 tardiores

191 1529 397 1612 orcyeboutur
419 1530 538 1611 copiae.
588 1530 709 1594 Iniuria
734 1531 863 1593 haerere
888 1529 1095 1594 Duebnerum
1122 1533 1152 1593 in
1178 1551 1256 1594 rooe
1279 1531 1382 1610 boeto,
1408 1532 1494 1615 quod
1519 1551 1555 1594 eo
1579 1531 1649 1594 loro
1675 1531 1713 1594 de
1738 1533 1827 1595 hoste
1851 1552 1954 1596 sermo

153 1663 161 1673 ¹
192 1656 261 1699 asse
282 1655 347 1700 non
366 1639 474 1719 possit.
494 1656 534 1700 ex
555 1639 601 1700 eis
621 1637 819 1722 intelligitur.
840 1659 921 1721 qliae
941 1637 1123 1722 Degenhart
1142 1661 1170 1723 p.
1183 1643 1226 1703 44
1245 1660 1313 1722 sqq.
1332 1641 1481 1722 exposuit
1509 1637 1728 1721 „Scriptorum
1747 1690 1752 1701 .
1769 1690 1797 1702 ..
1819 1639 1955 1724 Pompei

192 1743 286 1806 rebus
311 1764 376 1805 non
397 1765 496 1826 oeque
514 1745 622 1826 littere
640 1767 677 1806 ut·
700 1744 846 1808 (laesuris-
865 1745 947 1807 suta's
965 1746 1208 1808 deliroustrotm·
1228 1746 1298 1828 ipso
1317 1746 1524 1828 ..aequiorum
1548 1745 1715 1808 turdorum
1737 1760 1833 1809 usat.·‘
1869 1746 1952 1822 Quin

192 1851 286 1913 etiam
312 1871 375 1914 non
400 1861 530 1914 veretur
554 1853 659 1915 luistes
683 1851 840 1935 appellare
865 1853 1005 1916 latrones
1028 1860 1055 1934 1,
1074 1857 1101 1916 4.
1127 1857 1179 1933 ab,
1199 1858 1227 1918 5.
1267 1853 1309 1916 Ut
1333 1855 1433 1936 igitur
1455 1873 1512 1936 per
1536 1861 1638 1917 totum
1661 1853 1793 1934 librum.
1818 1875 1954 1937 quarum

191 1960 233 2021 sit
256 1959 409 2041 partium.
436 1961 524 2042 ipsis.
550 1960 668 2041 quibus
694 1961 802 2026 utitur.
827 1959 984 2042 signifieat
1011 1959 1128 2031 verbis,
1153 1963 1198 2023 sic
1218 1962 1310 2022 etiam
1332 1962 1452 2043 inipso
1477 1960 1588 2023 liuline
1607 1961 1711 2042 operis
1731 1980 1764 2024 se
1784 1982 1801 2024 a
1821 1961 1954 2024 Caesare

191 2071 275 2128 stare
300 2065 435 2148 ideoque
455 2067 666 2150 Pompeianum
691 2067 751 2129 sibi
777 2087 846 2130 esse
870 2068 976 2130 hostes
1001 2069 1140 2132 dilucide
1160 2070 1289 2132 indioat.
1323 2069 1422 2131 Erant
1440 2075 1614 2152 praeterea,
1639 2071 1694 2152 qui
1718 2069 1805 2130 hoste
1828 2063 1954 2132 liorloto

193 2192 256 2235 non
281 2173 448 2236 terendum
473 2174 650 2235 imliranlos
675 2173 850 2236 ablativum
877 2174 1061 2238 absolutum
1085 2177 1267 2239 eonieotura
1291 2183 1498 2238 removerent.
1533 2173 1581 2238 Do
1599 2194 1715 2258 genere
1736 2176 1823 2238 vorbi
1848 2187 1953 2239 autem

191 2301 256 2343 non
280 2299 374 2363 posse
398 2281 534 2344 dubitari
561 2301 633 2344 raim
654 2283 712 2350 eis.
738 2301 819 2363 qum
839 2280 977 2345 Koeliler
999 2303 1028 2366 p.
1049 2285 1090 2345 25
1111 2304 1179 2366 sqq.
1199 2285 1347 2362 crintula,
1372 2283 1595 2366 eornprobetur
1613 2281 1781 2365 exemplis
1805 2285 1954 2366 equidem

190 2391 269 2451 satis
289 2389 389 2452 habeo
409 2389 563 2452 ablativos
583 2389 745 2452 absolutos
766 2391 796 2450 in
818 2390 886 2471 ipso
906 2389 986 2452 libro
1007 2391 1117 2453 obvios
1138 2391 1257 2472 all'erre,
1281 2393 1336 2473 qui
1356 2392 1449 2474 plane
1470 2390 1643 2474 neglegunt
1663 2399 1834 2467 strenuam,
1859 2411 1954 2474 qnam

189 2498 398 2578 gratiimatira
427 2498 556 2559 exhibet
582 2489 722 2578 regulam
750 2499 817 2576 1,4
843 2501 879 2556 ut
902 2516 935 2558 ro
959 2497 996 2558 de
1023 2497 1127 2560 medio
1154 2497 1280 2560 subluto
1305 2519 1342 2560 er
1369 2497 1439 2558 aius
1466 2495 1609 2578 peeum'u
1633 2497 1801 2558 latronum.
1825 2498 1953 2580 loryitio

189 2601 283 2684 fieret
308 2604 359 2684 38.
384 2608 411 2667 5.
461 2603 529 2665 Hor
551 2603 683 2685 saepius
707 2603 792 2684 fueto
816 2603 1135 2666 (litirrrodrertebolur
1160 2610 1269 2667 nostro
1295 2625 1411 2686 atroprao
1436 2604 1470 2666 id
1491 2603 1567 2685 sieri
1588 2604 1743 2685 portento
1784 2603 1892 2668 Restat
1918 2615 1953 2668 ut

189 2711 386 2774 disseramus
411 2712 449 2773 de
473 2712 629 2794 corruptis
655 2712 716 2772 illis
742 2711 847 2774 verbis
868 2710 961 2794 pruris
986 2713 1053 2774 sire
1075 2712 1192 2793 parmis
1215 2713 1390 2774 reanimati.
1430 2711 1636 2774 Coniecturae
1661 2719 1753 2773 antea
1777 2713 1954 2794 propositas

190 2837 250 2880 eur
278 2818 412 2900 probare
443 2838 506 2880 mm
538 2837 659 2900 possem
690 2827 725 2881 ut
749 2818 861 2880 Jooro.
885 2818 993 2880 exlx
1016 2840 1045 2902 p.
1068 2821 1128 2881 eol
1156 2820 1263 2886 dooui.
1294 2821 1338 2881 ita
1367 2837 1424 2882 tier
1455 2817 1618 2881 lluebneri
1653 2817 1703 2879 lta
1725 2818 1862 2900 prortitis
1886 2820 1954 2880 sire

192 2925 298 2988 sraelis
323 2925 515 3008 (latronibus
541 2927 614 3002 illis)
646 2926 824 2992 eotrrmodo.
854 2926 970 2986 lunum
1002 2929 1091 2987 tituto
1119 2926 1259 2988 artoiorrs
1289 2925 1493 3007 oatpebaulur
1516 2925 1639 3007 ropa'oe,
1670 2944 1729 2988 neo
1753 2924 1877 2988 Dinteri
1901 2925 1954 2987 Ito

189 3033 282 3094 lotrad
301 3033 419 3114 partiaris
442 3033 630 3113 (araqreudio
654 3033 758 3114 aqitis
783 3035 974 3095 ronieeturis
999 3055 1078 3116 opus
1103 3054 1171 3097 esse
1196 3055 1317 3098 censeo.
1355 3033 1468 3115 Neque
1487 3053 1537 3096 me
1562 3035 1666 3116 ipsum
1687 3039 1779 3096 antea
1798 3035 1952 3096 sinceram

190 3142 380 3222 scripturam
407 3140 567 3202 invenisse
591 3140 668 3200 nillil
692 3141 834 3222 persuasi
860 3141 878 3204 l.
898 3161 923 3203 a.
944 3143 1140 3223 suspicatum
1159 3141 1255 3223 puris
1278 3142 1461 3203 mutilatum
1486 3160 1555 3202 esse
1579 3159 1618 3202 ex
1643 3139 1738 3222 fricto·
1760 3141 1866 3202 nisum
1891 3139 1953 3206 illa.

192 3268 255 3330 qua
279 3249 420 3310 maxime
444 3247 587 3310 laborant
612 3248 737 3310 redires
762 3247 835 3310 belli
856 3247 1080 3331 Hispaniensis
1105 3269 1176 3311 rum
1203 3251 1425 3332 imipientium
1451 3257 1518 3310 tum
1544 3248 1731 3310 exeuntium
1757 3245 1953 3327 syllabarum

195 3355 410 3418 mutilaturmn
435 3356 598 3437 pravitate.
636 3354 829 3436 Degenlmrti
855 3358 939 3418 enim
963 3355 1045 3417 libro
1070 3355 1150 3418 lerto
1173 3356 1252 3418 illud
1277 3355 1371 3438 forali
1394 3373 1597 3437 nequaquam
1623 3353 1861 3416 accomodatum
1885 3373 1954 3416 esse

199 3461 235 3522 ad
256 3461 445 3524 maledicum
471 3462 614 3524 aomrimi
647 3463 869 3524 romiriatoris
894 3481 1071 3524 sermonem
1103 3483 1166 3525 non
1199 3463 1287 3544 potui
1318 3481 1383 3524 uon
1408 3461 1599 3543 intellegere.
1646 3459 1696 3522 Ex
1722 3479 1784 3542 quo
1810 3459 1953 3527 el'lieitnr.

197 3576 229 3630 ut
256 3569 462 3632 scribendum
493 3588 665 3650 proponam
700 3567 750 3628 Ilo
778 3568 901 3649 pruris
929 3569 1115 3631 conutitutis
1145 3567 1233 3648 tulate
1263 3569 1398 3631 dortato.
1458 3566 1687 3650 Compendium
1716 3588 1780 3650 pru
1812 3567 1954 3648 syllabae

192 3683 237 3738 est
258 3657 294 3757 pi.
331 3674 452 3750 Quodsi
474 3677 504 3737 in
525 3676 697 3756 archetypo
718 3685 783 3736 erat
802 3657 889 3756 lli-is,
915 3696 979 3738 non
1006 3676 1132 3738 dillirile
1152 3685 1199 3738 est
1223 3675 1261 3738 ad
1286 3675 1550 3754 intellereiulnm.
1576 3674 1842 3756 quemadmodum
1869 3681 1954 3737 ortae

190 3785 255 3845 sint
278 3784 375 3847 falsae
401 3785 472 3846 illae
497 3785 672 3866 scripturae
694 3781 786 3864 poris
810 3790 839 3844 et
859 3783 989 3864 parmis.

353 3891 391 3953 Iu
411 3892 470 3970 eis
493 3909 576 3972 equae
595 3890 788 3952 ariter-edunt
808 3889 888 3953 ‹lute
907 3889 1100 3973 Nipperdeio
1120 3891 1256 3953 editores
1276 3892 1475 3953 seoluserunt
1493 3890 1530 3951 do
1553 3889 1610 3951 (le.
1629 3887 1793 3972 Pompeio
1829 3887 1954 3964 Quibus

191 3999 298 4064 verbis
318 3998 451 4062 sublatis
471 4017 544 4060 eum
563 3999 627 4060 rim
646 3999 821 4060 sententiae
835 3999 963 4060 onnuno
984 3997 1081 4060 deleri
1094 3997 1275 4082 Degenlrart
1292 4019 1320 4081 p.
1333 4000 1374 4062 48
1390 3999 1566 4081 perspicuis
1586 3997 1728 4060 doeuerit
1749 3996 1954 4078 argumentis

189 4128 249 4191 ego
275 4127 315 4170 ne.
340 4107 417 4188 quid
442 4106 530 4170 dubii
556 4107 763 4188 relinquatur,
793 4106 851 4168 lior
876 4126 978 4170 unum
1002 4107 1097 4186 addo,
1127 4109 1160 4168 in
1185 4106 1333 4168 omnibus
1356 4106 1421 4168 fere
1448 4106 1605 4166 ulterioris
1630 4103 1805 4186 Hispaniae
1830 4103 1953 4186 oppidis

188 4215 290 4278 fuisse
315 4214 394 4276 duas
417 4214 584 4278 lectiones.
609 4214 739 4276 alteram
765 4212 1045 4295 l’onqieianorum.
1076 4214 1207 4276 alteram
1232 4212 1503 4275 caesarianorum.
1557 4212 1670 4294 Itaque
1695 4211 1860 4272 offensioni
1885 4230 1954 4273 esse

191 4341 256 4383 non
279 4329 395 4405 potest.
420 4321 451 4382 in
476 4320 540 4381 illis
565 4319 701 4402 oppidis,
726 4321 781 4401 qui
807 4318 861 4381 Cn.
882 4319 1033 4402 Pompeio
1058 4327 1163 4402 portas
1188 4320 1380 4398 clauserant,
1404 4319 1503 4382 fuisso
1523 4321 1608 4382 eires
1628 4320 1667 4380 de
1687 4339 1722 4380 eo
1747 4319 1815 4400 ipso
1836 4319 1953 4400 optime

192 4431 330 4492 meritos.

1026 4533 1124 4598 112.

353 4680 402 4741 Ad
427 4678 619 4740 l'ulriendum
645 4677 847 4740 senterrtiam.
872 4695 967 4758 quarn
991 4674 1103 4738 dila-rb.
1134 4675 1241 4738 cxlx
1266 4697 1294 4758 p.
1317 4679 1378 4738 861
1406 4676 1443 4738 de
1473 4675 1670 4758 neglegenda
1696 4674 1808 4736 lacuna
1833 4695 1850 4734 a
1875 4671 1952 4754 Nip-

191 4787 319 4870 perdeio
352 4798 422 4869 post
456 4785 549 4848 rerba
583 4785 643 4866 qui
672 4785 835 4846 artiorem
871 4783 927 4845 (la.
958 4783 1150 4866 l'onqieium
1182 4785 1204 4846 d
1211 4841 1213 4844 .
1253 4783 1398 4846 (laesuris
1428 4784 1568 4844 ualonutu
1600 4782 1743 4864 furerent
1775 4779 1952 4860 significata

192 4895 322 4979 protuli.
337 4894 422 4956 ,mim
448 4895 525 4956 tanti
547 4904 593 4956 est
613 4895 718 4954 omma
739 4911 927 4974 componere
951 4891 1024 4954 libri
1044 4893 1206 4954 arruntiata
1227 4892 1335 4954 eadem
1356 4891 1533 4953 laborantia
1551 4897 1731 4952 struotmae
1750 4888 1952 4950 hinleationr.

193 5001 249 5066 llst
273 5008 378 5064 autem
403 5021 437 5063 oa
464 5001 587 5062 dicendi
614 5000 819 5065 ‹torisuetudo
845 5019 940 5081 (pluam
965 4999 1059 5061 etiam
1084 4999 1167 5082 apud
1193 5007 1318 5061 ruistrao
1341 4999 1446 5080 geritis
1470 4998 1615 5059 homines
1634 4995 1745 5058 intinio
1769 4996 1837 5057 ltioo
1861 5002 1953 5056 nattis

1756 5119 1791 5172 1.
