4506 5782
1884 406 1923 467 15

478 485 486 512 Ι

124 585 313 670 scriptore
348 587 475 651 virletur
504 605 573 650 esse
603 587 764 670 seriptum.
821 585 904 650 Nam
933 587 1057 650 etiamsi
1087 605 1184 667 negas
1212 604 1281 648 3333
1313 585 1549 653 hellenismum.
1580 591 1615 656 ut
1644 585 1728 647 idern
1758 585 1799 647 sit
1828 590 1924 666 atque

125 693 247 774 (inire
274 716 448 777 perparum.
475 695 570 758 rerba
596 695 682 757 nulla
709 714 803 776 opera
828 695 899 756 lieet
923 694 1130 776 interpretari.
1178 693 1319 756 Virtoria
1343 695 1428 755 enim
1453 693 1584 756 alterius
1608 693 1724 774 equitis
1749 711 1820 753 euni
1846 696 1924 753 tam-

129 821 246 882 rprarn
278 804 419 864 viatoria
443 804 512 864 eius
543 801 690 864 l'aotienis
722 823 790 864 esse
822 802 992 878 rideretur,
1017 802 1075 883 ipsi
1102 801 1183 863 bello
1207 801 1303 863 finem
1329 808 1395 862 erat.
1418 801 1552 879 laetum,
1588 800 1718 863 utfinis
1749 798 1836 876 beili,
1869 800 1923 880 qui

128 907 303 990 alioquin
332 929 395 972 non
421 910 623 992 singulorum
647 910 812 972 limninum
838 908 1108 988 certamine-sed
1139 910 1301 970 eornmuni
1332 908 1531 970 exercituum
1561 927 1669 990 pugna
1697 907 1778 968 33133
1800 905 1925 986 adduci,

131 1013 178 1076 ab
209 1015 288 1077 illis
318 1017 409 1098 33331
435 1017 614 1079 ilerneretur
644 1018 712 1078 sire
737 1017 945 1079 dirimeretur.
1000 1015 1079 1077 lade
1103 1016 1238 1094 rorrige,
1270 1033 1351 1095 quae
1375 1013 1487 1076 deliria.
1515 1013 1637 1086 Clllj'll
1662 1035 1689 1096 p.
1714 1017 1779 1076 ‘275
1805 1013 1926 1075 dehoc

133 1122 214 1183 1333
244 1125 401 1206 exposui.
1898 1117 1909 1142 ⁸

966 1282 1073 1358 XXV,
1098 1286 1126 1346 o.

327 1408 378 1470 Ita
411 1408 502 1470 (iridi
533 1409 709 1491 rapidique
740 1431 877 1470 3333333
911 1409 1050 1491 pirisque
1078 1431 1115 1470 3·
1143 1408 1294 1491 prodituri
1328 1409 1475 1470 uirorum
1508 1405 1742 1488 seruorumque
1778 1405 1926 1466 rolandus

140 1515 343 1596 {retundite
362 1515 468 1590 Nora,
495 1515 612 1598 Potula]
633 1515 817 1577 lralrrlrutur.
869 1515 994 1578 l'rimus
1018 1516 1121 1578 lerum
1147 1518 1262 1578 misere
1286 1521 1467 1578 truneatum
1492 1515 1626 1576 tentarit
1648 1511 1761 1575 llinter
1784 1513 1926 1575 scribens

142 1623 317 1686 audarter
335 1622 522 1706 3333133331
547 1622 713 1684 ria-lorium
733 1623 967 1705 [1333333333
989 1624 1315 1704 3313313333331333
1336 1621 1502 1704 3333333
1524 1619 1925 1682 33131133333333333

142 1729 349 1805 33131333,
382 1751 476 1812 quem
507 1750 548 1792 ex
577 1736 665 1812 parte
695 1737 824 1793 serulus
856 1732 886 1792 in
909 1751 1018 1814 propr.
1047 1729 1147 1792 dlisn.
1177 1733 1261 1793 1879
1285 1751 1314 1812 p.
1340 1732 1382 1792 oe
1413 1728 1647 1790 emomlandnm
1677 1728 1829 1810 proposui
1852 1726 1923 1810 lrrl

144 1837 311 1918 333333
341 1836 510 1899 33133333
541 1837 775 1919 [sodomamque
807 1839 1004 1900 uoluntatem
1034 1837 1223 1900 sordidatur.
1279 1838 1340 1900 sed
1372 1857 1444 1900 eum
1476 1843 1553 1900 tune
1585 1837 1688 1918 ipsum
1720 1855 1853 1911 vererer,
1886 1854 1927 1896 ne

148 1944 319 2006 anderius
345 1944 440 2006 rerba
457 1945 570 2006 tradita
592 1951 760 2018 mutarem,
781 1965 813 2006 re
830 1965 923 2028 saepe
946 1947 1112 2008 etiterum
1135 1946 1291 2027 pensitato
1310 1945 1461 2006 leniorem
1484 1943 1737 2006 euremlatinnem
1763 1963 1812 2005 nie
1835 1961 1927 2025 spero
1956 1969 1957 1972 ¹

151 2051 328 2113 invenisse
356 2051 407 2112 liu
433 2051 532 2112 aride
557 2051 750 2134 33333333
777 2072 915 2113 333333
943 2053 1127 2133 3133333
1148 2051 1300 2134 partium
1328 2051 1473 2114 rirorum
1501 2051 1735 2133 [3313333333
1765 2050 1928 2110 33133133

150 2157 192 2218 13
206 2158 363 2220 radantur.
414 2157 460 2220 Ile
483 2158 590 2239 suerri
618 2160 742 2240 pastro
774 2166 925 2242 usurpato
957 2159 1010 2223 eir.
1036 2159 1097 2222 uin.
1122 2159 1209 2241 ossir.
1238 2163 1271 2238 2,
1299 2163 1337 2222 13
1369 2180 1432 2220 333
1464 2159 1555 2221 niodo
1585 2179 1649 2220 333
1681 2157 1849 2218 3331333·
1877 2155 1929 2218 ilii

151 2265 278 2342 (aridii,
304 2286 415 2326 3333
441 2265 537 2327 etium
561 2265 701 2348 furetur,
751 2268 838 2328 (irat.
862 2269 895 2347 2,
920 2269 958 2329 51
981 2265 1101 2328 studiis
1120 2271 1227 2328 33133
1248 2287 1358 2327 33333
1382 2317 1387 2328 .
1413 2317 1418 2330 .
1444 2317 1449 2329 .
1471 2266 1610 2348 sciretur.
1656 2263 1809 2343 Quinti),
1831 2269 1858 2345 7,
1877 2267 1927 2327 31.

154 2371 185 2430 ri
211 2373 391 2455 praeripier
414 2372 553 2454 sar-atur.
602 2373 757 2456 Spartian.
782 2373 934 2436 .l.'esrenn.
960 2376 979 2435 2
1011 2372 1088 2434 333·
1118 2373 1163 2435 ita
1194 2372 1326 2455 faidam
1358 2378 1403 2434 est
1426 2372 1690 2438 exoratoribus:
1724 2372 1763 2433 de
1791 2370 1929 2451 quisque

156 2459 395 2559 1333313333
419 2482 616 2562 pronominis
641 2481 781 2554 adhibito
806 2481 859 2544 313,
881 2483 1020 2562 (linoges
1044 2480 1063 2542 l.
1086 2481 1105 2542 i.
1128 2480 1188 2542 snb
1213 2479 1360 2562 quisque.

968 2711 1076 2789 XXV,
1102 2717 1128 2774 7.

333 2834 479 2910 (133333
503 2837 620 2900 331313
642 2837 744 2898 raideri
762 2858 835 2898 333
855 2838 898 2900 ud
915 2837 1138 2899 (limitandum
1161 2836 1195 2897 iri
1213 2835 1386 2919 planitiem
1406 2857 1439 2896 33
1458 2836 1679 2907 eontulissent,
1699 2840 1930 2916 sententiaque

166 2941 275 3004 intulis
300 2943 447 3024 insimriu
468 2943 677 3026 prurfrdqrns
700 2966 783 3027 opus
806 2946 961 3006 3313333
983 2963 1122 3025 pirorum
1147 2964 1258 3026 prepara
1282 2947 1361 3004 esset
1378 2964 1477 3026 prope
1500 2945 1642 3027 proseria
1666 2944 1836 3026 dirempto,
1862 2942 1931 3004 nisi

166 3056 299 3133 propter
317 3051 463 3132 rqiriinm
488 3073 692 3132 rorrprrssum
715 3052 828 3135 intpp„
851 3051 1215 3133 333333333333131
1238 3071 1340 3133 supro
1364 3051 1669 3122 333333333333,
1695 3053 1790 3113 ierem
1815 3071 1927 3112 3333-

167 3161 278 3220 3333
308 3159 467 3241 praesidii
496 3181 594 3220 33333
626 3181 690 3220 333
723 3161 814 3242 luitpr
844 3159 884 3220 33
913 3180 1004 3242 opere
1033 3164 1139 3221 33333
1169 3158 1349 3220 eonstiterit.
1405 3159 1536 3242 Semper
1564 3161 1696 3222 miratus
1727 3179 1812 3238 snm,
1844 3159 1929 3240 qued

165 3269 447 3349 trnirspositionem
474 3267 641 3330 verberum
665 3273 896 3348 serrtorumqar
920 3267 1028 3329 333113
1053 3266 1199 3348 insipaio
1220 3266 1430 3348 prrrrful-prns
1453 3287 1536 3348 opus
1559 3268 1715 3330 3313333
1740 3272 1811 3350 post
1840 3266 1927 3340 (luo-

167 3375 263 3437 nium
286 3374 436 3456 feroritns
461 3375 603 3436 Antistii
628 3376 882 3454 nisu-emturum,
914 3395 1010 3457 quam
1036 3376 1200 3457 proposuit
1223 3373 1406 3452 Salineider,
1436 3394 1583 3456 sprevere
1607 3376 1675 3436 riri
1692 3375 1802 3438 eritiei.
1848 3373 1931 3436 Num

166 3483 281 3544 ordine
314 3481 483 3544 verborum
519 3483 560 3544 ita
594 3484 766 3544 constitute
804 3481 967 3556 (1333333
1001 3481 1151 3563 [moritus
1184 3480 1339 3560 Antistii,
1380 3481 1488 3542 laudis
1519 3481 1668 3564 13313313
1700 3485 1931 3562 serdot-umque

163 3588 376 3671 praesideres
406 3610 488 3672 3333
518 3590 674 3650 coeddam
706 3589 856 3652 erratuum
888 3595 1009 3652 333133
1036 3593 1234 3652 (31333331
1263 3589 1303 3650 uir
1332 3608 1424 3670 opere
1453 3589 1496 3650 ud
1523 3590 1735 3672 3331333313
1765 3589 1845 3651 nillil
1875 3595 1930 3669 est,

166 3696 257 3780 qumi
281 3700 381 3780 possit
405 3698 570 3762 offendere.
620 3698 658 3759 ln
684 3699 729 3760 eis
753 3705 873 3779 autem,
899 3706 1193 3782 (praesequantur,
1222 3717 1295 3760 eum
1319 3697 1480 3780 direrirplo
1503 3716 1581 3760 roee
1609 3697 1738 3760 aliunde
1767 3715 1930 3779 perperam

167 3806 258 3867 illata
281 3805 452 3868 verborum
476 3825 658 3868 riennexum
684 3805 856 3868 disturbari
887 3807 979 3869 133113
1002 3807 1208 3888 intelligatur,
1240 3807 1318 3888 quin
1343 3807 1410 3888 ipsa
1434 3807 1467 3867 in
1492 3805 1598 3867 laeum
1623 3805 1732 3866 omissi
1764 3804 1930 3866 euiusdam

167 3912 260 3974 rerbi
283 3911 380 3974 linem
405 3914 586 3975 certaminis
611 3912 821 3994 signitirantis
846 3915 1047 3993 sueresserit,
1070 3935 1134 3977 nen
1160 3913 1286 3977 videtur
1310 3931 1379 3976 esse
1403 3911 1545 3975 dubium.
1597 3911 1801 3974 intercidisse
1825 3916 1930 3973 auteur

170 4021 344 4083 verisimile
363 4029 411 4082 est
429 4039 540 4081 vocem
560 4019 703 4102 perferte
725 4026 796 4102 post
811 4019 965 4103 proferto,
990 4029 1026 4082 nt
1045 4020 1141 4082 rerba
1159 4025 1238 4081 esset
1252 4017 1395 4102 persenia
1414 4019 1626 4102 respondeant
1646 4018 1705 4095 eiS,
1729 4037 1811 4100 quae
1829 4022 1930 4080 tetum

170 4129 373 4192 enuntiatum
394 4127 546 4189 clausisse
569 4129 715 4210 suspicor
738 4132 817 4188 33331
838 4126 1009 4208 dirempta.
1049 4125 1238 4189 Extremum
1262 4134 1322 4204 est,
1347 4134 1383 4188 ut
1405 4146 1462 4209 pro
1487 4126 1585 4188 altero
1610 4124 1757 4200 Quorum
1776 4126 1809 4187 in
1830 4126 1932 4208 eapite

171 4235 329 4296 enuntiati
360 4240 505 4295 exstante
535 4252 691 4315 ponamus
727 4231 798 4306 (233
823 4253 864 4312 re,
897 4232 1031 4295 alterum
1056 4238 1216 4296 nudemus
1240 4235 1273 4294 in
1298 4233 1453 4312 333333,
1483 4238 1521 4295 ut
1551 4233 1628 4295 haee
1660 4232 1795 4295 eradant
1828 4229 1933 4305 Oarare

174 4339 293 4402 rirtuie
315 4338 418 4402 elueri
440 4359 514 4400 333
538 4339 581 4400 od
602 4338 829 4400 dinn'rumlum
851 4339 887 4400 in
913 4338 1087 4421 planitiem
1118 4361 1150 4400 se
1179 4338 1401 4418 3331333333,
1432 4339 1574 4402 duorum
1595 4359 1710 4422 papam
1733 4343 1812 4399 33331
1830 4357 1933 4421 prope

168 4446 312 4530 proferto
331 4445 483 4529 perfeeto,
514 4444 582 4506 nisi
595 4449 730 4527 333313·
752 4443 899 4526 equitum
918 4464 1133 4526 rorrpressnm,
1157 4449 1316 4528 utsupra
1334 4445 1639 4524 deliiensirurimus,
1663 4449 1743 4506 essai
1760 4443 1929 4526 3333313.

173 4553 324 4616 Proxima
348 4553 445 4616 rerba
468 4552 580 4616 deliri).
607 4550 729 4614 extri
754 4573 782 4635 p.
807 4554 872 4614 274
896 4555 940 4614 ita
964 4559 1096 4614 roriatns
1120 4572 1192 4614 snm
1216 4553 1385 4614 emendare
1408 4550 1523 4613 13333
1548 4555 1752 4613 otorantinam
1773 4549 1934 4633 praesidii

172 4681 272 4722 33333
294 4680 361 4722 333
387 4658 541 4740 [ereprad
564 4679 776 4742 opereprope
804 4663 909 4720 3333
940 4657 1055 4720 (1333·
1077 4657 1261 4738 3333111311,
1292 4660 1353 4720 3131
1378 4659 1458 4721 forte
1482 4658 1658 4738 arbitraris
1687 4658 1813 4720 facilius
1837 4659 1933 4720 inter-

174 4769 288 4830 ridisse
316 4767 330 4825 1
337 4766 462 4829 laesuris
486 4786 602 4829 neuren
625 4774 697 4850 post
721 4785 830 4828 vocem
854 4787 963 4828 33333.
1618 4775 1621 4780 ’

334 4873 422 4936 Finis
447 4874 559 4956 3331113
583 4893 656 4936 cunr
682 4875 715 4936 in
740 4873 829 4934 libris
854 4874 1080 4955 manuscriptis
1104 4873 1148 4935 ita
1171 4875 1212 4935 sit
1235 4881 1385 4936 exaratus
1415 4871 1456 4934 Ut
1480 4872 1587 4934 nostri
1609 4871 1731 4954 rqaritas
1751 4871 1785 4932 in
1806 4875 1932 4953 receptu

175 4981 251 5042 duro
276 4981 319 5042 ud
340 4985 446 5042 fristra
471 4980 616 5058 redeunt,
648 4979 829 5042 adrersurii
851 4979 1005 5063 rapidius
1028 4985 1110 5041 3331
1139 4979 1291 5058 inmeriti,
1323 4979 1473 5042 rririrrrsi
1494 4981 1631 5042 elamore
1661 4979 1746 5061 sario
1774 4977 1931 5062 impeturn

175 5088 338 5166 3313331,
363 5087 576 5171 Nipperdeius
599 5095 671 5168 post
694 5085 801 5148 riustri
825 5088 981 5150 defectum
1006 5089 1141 5157 notavit,
1166 5094 1289 5150 veteres
1308 5096 1415 5149 autern
1434 5086 1571 5149 editores
1595 5085 1816 5167 corrigendum
1841 5091 1933 5168 puta-
