4506 5782
1932 345 1949 402 'i

183 533 298 576 caussa
317 515 422 596 ipsum
441 513 618 596 proiectum
638 533 706 576 esse
728 533 889 596 erogarem,
910 516 1028 598 qnippe.
1048 516 1131 598 quod
1153 535 1193 578 ex
1209 515 1315 578 verbis
1335 517 1391 578 illa
1410 517 1645 600 excipientibus
1664 522 1694 578 et
1712 517 1755 578 uel
1770 519 1783 572 (
1791 517 1949 580 lnalulmm

182 640 215 680 se
246 619 363 702 recepit
396 627 558 704 appareat,
592 640 665 684 eum
699 641 768 684 esse
801 629 961 700 sectatum,
995 623 1050 686 sod
1084 623 1123 685 ad
1156 624 1413 706 persequendum
1446 644 1515 687 esse
1546 625 1654 708 aliqua
1688 645 1721 688 re
1755 625 1950 708 impeditum.

184 725 309 802 Quibus
334 728 441 790 verbis
465 729 545 791 nibil
569 729 656 790 alitnl
682 728 854 808 significari
880 730 950 791 rn‘t
980 731 1114 813 scriptor
1144 731 1206 793 nisi
1238 729 1426 813 Pompeium
1458 734 1490 794 iu
1515 739 1617 794 eastra
1648 737 1721 794 ante
1753 731 1863 794 urbem
1888 733 1949 794 'sita

184 833 311 896 redisse.
349 835 429 896 Inde
453 836 666 897 coniecturam
693 855 711 897 a
736 854 785 897 me
809 837 1002 918 propositam
1026 838 1059 898 in
1083 837 1220 898 loru'stos
1241 837 1338 900 latere
1362 859 1377 896 e
1400 839 1517 899 castris
1536 859 1682 901 mancam
1703 857 1771 901 esse
1796 839 1950 922 sequitur.

184 941 308 1015 tinibus
332 940 428 1003 rebus
452 943 624 1024 perspectis
648 943 832 1024 scriptorem
858 941 934 1004 haee
958 942 1022 1004 t'ere
1047 945 1210 1026 scripsisse
1234 944 1437 1006 nrarritestmn
1464 955 1524 1024 est,
1550 945 1736 1028 Pompeium
1756 947 1951 1028 protectione

184 1049 325 1112 Caesaris
359 1049 467 1111 audita
500 1049 639 1130 primum
673 1049 764 1130 sequi
799 1050 953 1130 cuimisse,
987 1049 1102 1111 deimle
1135 1057 1240 1112 antem
1275 1050 1314 1112 ab
1349 1051 1605 1134 exploratoribus
1637 1051 1675 1114 de
1707 1051 1950 1115 difficultatibus

185 1158 310 1219 riarum
334 1158 498 1218 certiorem
523 1155 640 1217 factum
671 1156 804 1218 insidias
830 1158 964 1218 veritum
996 1158 1125 1242 milites,
1157 1159 1211 1240 qui
1243 1177 1358 1241 agrnen
1386 1158 1629 1241 praecedebant,
1659 1160 1832 1221 retraxisse
1856 1159 1948 1220 etad

183 1263 364 1326 Cordubam
389 1283 422 1325 se
446 1265 602 1345 recepisse
664 1261 863 1345 Quapropter
887 1265 993 1325 neseio
1018 1283 1059 1324 an
1084 1265 1124 1325 sit
1149 1263 1352 1326 scribendum
1383 1263 1424 1327 ld
1445 1285 1518 1326 oleru
1545 1265 1722 1347 Pompeias
1742 1285 1779 1326 er
1799 1265 1951 1348 persaepiu-

182 1370 336 1449 rescisset,
360 1370 484 1451 sepau}-
514 1369 743 1451 ‹lissieullolmu
769 1375 799 1430 et
821 1369 993 1450 arigiuslins
1018 1371 1161 1432 locorum
1184 1392 1257 1433 euru
1283 1372 1531 1452 explorasset,
1557 1370 1675 1434 rrrilites
1699 1373 1950 1434 antemissas

181 1476 339 1560 [letaris-tos
367 1475 446 1539 er
477 1477 621 1558 lou-pstos
649 1477 676 1540 U
702 1479 733 1539 in
762 1479 905 1558 margine
935 1477 988 1539 lan
1022 1478 1087 1542 ead.
1113 1477 1223 1560 rnanu]
1249 1480 1386 1540 reu-aur
1413 1483 1444 1540 et
1472 1479 1515 1540 (rel
1548 1479 1726 1541 (qm-dabam
1757 1501 1790 1540 se
1820 1479 1946 1561 recepit.

182 1584 311 1647 llteuim
341 1605 405 1647 non
436 1603 554 1658 vereor,
585 1603 625 1646 ne
656 1585 687 1646 in
719 1585 787 1647 loeo
812 1585 890 1646 :ideo
922 1590 1070 1666 cmrupto
1101 1577 1320 1648 similitudinis
1350 1587 1416 1648 reri
1447 1586 1527 1648 lines
1559 1587 1704 1670 egrediar
1734 1587 1787 1649 lari
1814 1607 1854 1648 ex
1878 1589 1948 1648 errrt'

182 1703 288 1754 ortnm
312 1711 381 1754 esse
405 1693 601 1773 suspicatum
639 1691 724 1773 cirion
749 1700 933 1773 corruptum
959 1692 1110 1774 paulatim
1136 1713 1210 1756 cum
1234 1693 1443 1775 subsequenti
1471 1713 1546 1756 soce
1570 1695 1601 1756 in
1630 1714 1730 1757 mmm
1756 1696 1797 1756 ita
1824 1695 1950 1760 coaluit.

182 1809 218 1862 nt
242 1799 349 1861 lictum
376 1801 416 1862 sit
442 1799 632 1862 rotabulum
658 1821 676 1860 a
700 1799 838 1860 librariis
862 1800 900 1861 ad
926 1819 1109 1862 connexum
1134 1819 1239 1862 rernm
1270 1820 1474 1883 nequaquam
1499 1807 1624 1884 aptum,
1655 1801 1820 1864 latinitatis
1844 1809 1947 1864 tamen

181 1908 286 1969 citiore
311 1909 453 1969 tinctum.
501 1905 685 1968 infinitivus
709 1907 879 1969 historiens
904 1915 1025 1986 nutem,
1050 1927 1145 1990 quem
1168 1907 1262 1990 sep-ai
1285 1909 1428 1971 scribens
1452 1910 1590 1989 restitui,
1613 1911 1686 1992 palus
1711 1909 1806 1972 semel
1832 1911 1866 1971 in
1890 1910 1949 1972 hoe

183 2013 264 2076 libro
289 2015 405 2096 legitur
432 2020 462 2081 1.
487 2016 506 2075 ‘2
533 2011 583 2074 Ilo
607 2064 612 2076 .
637 2063 643 2076 .
668 2064 673 2075 .
699 2065 704 2075 .
726 2013 933 2094 prorrneimu
961 2019 1086 2076 restore
1110 2017 1167 2090 29,
1192 2019 1211 2078 5
1236 2015 1352 2077 Abstra
1375 2014 1503 2080 laetari.
1535 2015 1691 2078 romanulli
1714 2015 1811 2078 etium
1839 2015 1950 2077 liam-a

182 2123 239 2196 33,
264 2125 283 2183 i>
309 2120 376 2203 ipse
399 2121 423 2200 †
446 2121 483 2182 tle
508 2126 647 2202 tempore
670 2141 811 2183 (exerrare.
841 2121 1072 2202 elr'l'sieullnlem
1096 2124 1204 2184 neseio
1229 2124 1302 2204 (puis
1327 2131 1418 2185 retus
1443 2123 1565 2184 irmenit
1590 2122 1700 2201 editor,
1725 2123 1866 2183 locorum
1893 2143 1949 2204 pro

180 2249 275 2292 carru
299 2230 451 2312 seriptum
476 2227 597 2290 llinteri
618 2228 753 2290 debetur
775 2231 953 2310 sargaeitati.
977 2249 1051 2290 erun
1077 2230 1280 2312 erplorossel.
1308 2230 1425 2292 auilites
1446 2231 1513 2313 ipse
1532 2238 1622 2292 antea
1644 2230 1818 2292 cantatam
1844 2231 1861 2292 l.
1878 2251 1903 2293 a.

1010 2426 1066 2493 Vl.
1093 2429 1120 2489 3.

343 2549 444 2624 erem
470 2551 572 2612 locum
599 2553 623 2610 si
644 2549 756 2611 thalule.
781 2549 888 2612 thlX
909 2571 937 2632 p.
960 2553 1021 2612 sos
1048 2553 1079 2612 in
1106 2553 1264 2632 integrum
1289 2551 1457 2613 restituero
1481 2571 1552 2612 sum
1577 2561 1710 2612 oirrrutus
1735 2552 1780 2611 sir
1805 2549 1949 2612 scribens

178 2677 245 2739 pun
271 2658 370 2736 (tillir)
398 2657 449 2718 (lie
475 2655 627 2738 Pompelo
653 2656 795 2718 ilrtlrtr'ns
818 2663 898 2718 esset
920 2658 1054 2736 (illotus,
1079 2679 1112 2719 eo
1136 2658 1186 2720 elr'e
1205 2657 1432 2739 proficiscitur
1455 2659 1672 2720 coniecturam
1696 2677 1796 2720 meam
1822 2657 1945 2740 probari

180 2767 410 2829 norumllornm
435 2765 581 2828 codicum
610 2767 764 2848 scripturo
790 2765 925 2844 neglexi.
983 2763 1128 2847 Namque
1156 2785 1229 2828 eum
1254 2763 1372 2828 UVFD
1397 2765 1533 2827 habeant
1556 2764 1612 2825 eiii
1634 2765 1671 2826 cle
1696 2763 1849 2845 Pompeio
1873 2784 1946 2826 errru

179 2873 325 2934 ururle'us
349 2877 428 2934 esset
451 2871 584 2944 ollulas,
616 2873 661 2932 sie
686 2879 734 2933 ost
757 2871 915 2934 edendum
948 2891 1011 2952 pao
1035 2869 1086 2933 (lic
1110 2869 1264 2954 Pompeio
1288 2872 1397 2954 [eruar]
1422 2871 1564 2932 irritatius
1589 2876 1669 2932 asset
1691 2870 1825 2935 allatus.
1851 2891 1945 2952 quem

179 2983 214 3043 in
239 2981 344 3043 locum
376 2981 644 3062 qrrernudnnalum
678 2981 837 3062 irrepserit
870 2979 947 3041 illud
978 2979 1229 3042 additamentum
1259 2980 1360 3041 multo
1392 2980 1517 3041 tircilius
1548 2986 1595 3040 est
1625 2980 1662 3040 ad
1694 2979 1947 3060 intelligendum.

177 3088 381 3170 erarnqrmm
414 3089 544 3149 reticere
582 3108 642 3148 mm
681 3107 823 3169 possum,
860 3088 937 3168 quin
970 3087 1230 3149 adnotatiuncula
1263 3087 1399 3169 qrradam
1433 3085 1595 3148 Duebneri
1627 3107 1644 3147 a
1675 3105 1725 3148 me
1753 3086 1812 3147 sub
1845 3085 1903 3164 xl,
1932 3095 1941 3148 l

177 3195 278 3258 relata
308 3203 471 3277 permotus
502 3196 655 3276 scriptum
685 3193 783 3255 luisse
814 3193 986 3254 ciummlam
1024 3191 1093 3267 Ouo
1121 3193 1172 3254 elie
1200 3193 1349 3274 Pompeio
1373 3213 1446 3254 erran
1478 3192 1623 3254 irritatius
1646 3198 1725 3254 esset
1754 3192 1888 3270 ollulas,
1913 3213 1947 3251 eo

177 3303 230 3363 ilie
251 3301 477 3384 proficiscitur
497 3303 586 3364 nisus
609 3301 677 3381 itta,
707 3301 745 3362 de
770 3321 832 3382 (pua
862 3299 996 3362 licelrler
1020 3322 1047 3382 p.
1069 3301 1110 3362 48
1135 3299 1295 3363 subtiliter
1318 3302 1444 3382 scripsit
1473 3302 1736 3382 pronominorum
1762 3299 1945 3362 ctmmlandi

182 3411 427 3486 consuetudine,
459 3417 493 3471 ut
524 3428 587 3470 tarro
618 3410 781 3470 irritantiato
814 3409 1124 3489 eompreirentlantnr
1154 3427 1327 3491 pronomen
1359 3408 1542 3472 relativum.
1574 3409 1625 3469 cni
1657 3407 1845 3489 respomleat
1878 3427 1947 3488 pm-

186 3537 296 3580 nomeu
323 3517 616 3592 eleterminatimrm,
640 3527 669 3578 et
695 3517 848 3597 particula
873 3537 958 3577 euim

1002 3711 1075 3790 VH,
1102 3715 1127 3774 l.

345 3838 461 3900 (besor
481 3837 514 3898 ln
543 3835 785 3899 rrrrtaitiom'lms
805 3835 987 3915 celerisque,
1013 3856 1095 3916 ‹ptroe
1118 3836 1160 3898 nd
1182 3835 1339 3917 oppidum
1365 3856 1448 3916 (apriis
1471 3835 1618 3916 fueraut,
1643 3855 1785 3916 opperem
1815 3834 1942 3895 ri'ueus-

174 3967 241 4027 pue
264 3966 354 4027 (arsere
379 3944 536 4007 instituit.
575 3943 675 4006 Nemo
701 3964 763 4005 nun
784 3943 870 4004 ridet
892 3943 987 4004 rerba
1011 3963 1079 4004 esse
1104 3951 1259 4026 corrupta.
1298 3941 1498 4025 tluapropter
1516 3943 1652 4005 editores
1677 3947 1746 4026 post
1771 3943 1945 4025 „oppidum”

174 4055 454 4137 oppupuomlum,
486 4062 556 4136 post
580 4051 730 4135 stiterunt*
759 4050 911 4132 perfertis
936 4056 991 4113 nrrt
1014 4050 1143 4112 directis
1167 4051 1372 4114 inserendum
1398 4059 1606 4126 censuerunt,
1637 4068 1710 4111 cnm
1739 4049 1888 4130 cipridem
1912 4052 1943 4110 in

174 4181 287 4243 propr.
317 4159 416 4222 llisu.
448 4163 530 4223 1879
555 4181 582 4242 p.
604 4162 645 4220 oo
670 4179 734 4240 seq.
759 4159 842 4220 hrrrnl
875 4159 998 4240 parteis,
1030 4158 1084 4238 (piri
1115 4159 1149 4218 iu
1174 4158 1233 4218 hoe
1258 4157 1338 4218 libro
1370 4163 1542 4218 riceurrnnt
1571 4157 1720 4238 respectis
1751 4156 1946 4218 ltellenismis

177 4269 215 4329 iu
244 4267 486 4329 tirrim'liom'lms
510 4265 683 4347 ceterisque
707 4269 830 4344 integra
862 4285 931 4328 osse
962 4265 1170 4328 defenderem.
1226 4263 1296 4326 Non
1330 4271 1421 4326 reete.
1469 4261 1616 4344 Namque
1640 4261 1707 4324 ficri
1738 4282 1799 4324 non
1834 4269 1946 4344 potest,

177 4377 259 4459 (puin
285 4377 418 4458 scriptor
443 4375 518 4437 velit
548 4374 664 4448 (licere,
696 4372 860 4435 Caresarem
891 4380 1059 4455 postquam
1092 4373 1159 4434 loca
1192 4374 1311 4434 circum
1344 4371 1496 4454 oppidum
1521 4372 1581 4432 sita
1611 4370 1650 4432 ad
1675 4371 1942 4453 oppugnationem

177 4486 364 4568 aptavisset,
388 4501 535 4564 aggerem
560 4483 734 4562 rimasque
759 4481 796 4542 ad
823 4482 948 4542 lanionia
971 4481 1174 4562 promovisse..
1218 4478 1312 4541 Unde
1336 4478 1481 4555 efficitur,
1505 4485 1540 4539 nt
1565 4477 1734 4559 depravata
1759 4478 1824 4538 sint
1849 4477 1942 4539 verba

178 4593 215 4653 iu
244 4589 486 4651 arrianitiouilms
509 4587 691 4670 ceterisque.
733 4586 923 4670 Depraratio
948 4595 1053 4648 alitem
1078 4585 1152 4646 inde
1172 4595 1282 4648 exorta
1302 4605 1371 4648 esse
1392 4585 1526 4659 ridetur,
1552 4585 1636 4666 quod
1657 4585 1844 4666 pronomine
1863 4604 1946 4664 prum

179 4700 229 4760 bis
255 4703 383 4760 exarato
408 4697 570 4778 alteroque
594 4717 676 4776 (pirae
701 4697 732 4757 in
765 4701 970 4776 (perennitate
1002 4702 1032 4755 et
1056 4712 1128 4754 citam
1159 4693 1365 4755 antecedente
1392 4713 1467 4754 roeo
1497 4693 1668 4754 coniuncto
1693 4691 1850 4752 sententia
1874 4711 1943 4772 per-

177 4805 305 4868 turbata
330 4813 389 4870 est.
414 4803 499 4866 mule
524 4805 678 4881 originem
704 4803 796 4866 duxit
821 4811 1006 4883 corruptum
1030 4799 1109 4862 illud
1134 4800 1254 4862 celeris.
1300 4799 1411 4881 Neque
1436 4819 1511 4861 ‘xero
1535 4818 1608 4860 cum
1633 4797 1825 4880 Nippertloio
1849 4799 1944 4882 parti—

176 4913 300 4995 cipinm
325 4912 484 4994 tptroddnm
516 4911 698 4974 addendum
730 4929 834 4991 neque
866 4929 937 4970 enm
963 4907 1107 4970 Kronero
1139 4907 1296 4989 oppidum.
1327 4909 1359 4968 in
1384 4905 1643 4988 oppriplionrlum
1674 4910 1729 4967 aut
1753 4905 1942 4967 nudandum

177 5031 234 5084 aut
260 5019 298 5081 ad
323 5018 479 5100 oppidum
505 5017 720 5102 supplendum
745 5037 813 5078 esse
838 5029 927 5100 puto
959 5016 1012 5078 sed
1039 5019 1071 5078 in
1096 5018 1165 5098 ipso
1190 5016 1244 5077 illo
1268 5014 1379 5076 ceteris
1404 5015 1605 5096 participium
1630 5011 1772 5093 &fertis
1797 5014 1828 5073 in
1854 5031 1943 5095 prae-
