4506 5782
329 357 350 417 2

329 533 501 594 iuvenitur.
555 529 638 606 Quid
672 531 757 613 qttod
788 549 829 593 ue
859 530 917 592 hoo
948 549 1012 591 uuo
1043 528 1171 612 quidem
1204 529 1272 590 loeo
1306 528 1453 590 meliores
1483 528 1608 590 eodiees
1639 530 1744 590 euueti
1776 528 1908 590 eandem
1942 527 2095 592 exhibent

330 639 520 722 scripturam
549 639 610 706 Ae.
642 659 716 702 uam
739 636 820 700 ΤΡΥ
844 635 962 698 habent
993 635 1072 697 Hm.
1127 635 1175 696 Ex
1207 655 1270 717 quo
1299 635 1369 698 illas
1398 636 1597 698 eorrieeturas
1627 643 1710 698 stare
1739 655 1801 696 uon
1832 655 1926 718 posse
1956 645 2093 718 apparet.

330 745 418 808 Idem
443 745 492 806 rir
515 745 628 807 doetus
651 745 729 806 mihi
753 744 923 826 persuasit,
948 761 1110 825 perperam
1136 761 1185 816 me
1209 743 1242 803 ia
1266 761 1346 802 (trau.
1370 740 1471 803 arim.
1494 743 1569 804 amu
1595 741 1878 806 ttDeeeLxxvl
1902 763 1930 826 p.
1951 745 1993 806 22
2018 747 2095 807 seri-

331 851 472 914 bendum
491 851 695 934 proposuisse
715 849 766 912 illi
783 867 840 933 pro
864 849 959 929 (ratu,
981 868 1044 931 quo
1064 849 1251 932 pronomina
1269 855 1298 911 et
1318 848 1462 912 absolute
1478 859 1510 912 et
1530 851 1686 914 contrarie
1705 853 1808 933 posito
1828 851 1992 934 exemplis,
2012 871 2095 934 quae

330 958 457 1040 collegit
476 957 646 1021 Preussius
670 959 753 1019 iuter
776 976 810 1018 se
835 957 957 1019 collatis
981 977 998 1018 a
1023 957 1175 1038 seriptore
1198 957 1359 1018 nemiuem
1384 957 1555 1034 significari
1581 957 1727 1039 perspexi
1753 957 1815 1018 nisi
1834 958 2046 1022 adrersam'os.

492 1063 538 1126 Ita
563 1063 680 1126 fartum
706 1072 766 1131 est,
791 1069 826 1126 ut
850 1062 914 1125 illis
939 1061 1028 1124 libris
1052 1062 1181 1124 adiutus
1206 1082 1269 1124 nou
1294 1081 1418 1144 possem
1440 1083 1502 1125 utro
1523 1064 1720 1146 intellegere.
1744 1085 1815 1126 eum
1837 1065 1930 1137 alios,
1955 1073 2095 1129 tumme

331 1173 436 1254 ipsum
468 1173 501 1232 iu
532 1169 729 1234 eruendando
758 1169 844 1233 haud
875 1189 945 1231 raro
974 1171 1137 1232 erravisse.
1192 1169 1337 1248 Accedit,
1367 1169 1451 1251 quod
1481 1177 1511 1231 et
1542 1170 1606 1252 ipse
1637 1190 1692 1252 per
1719 1171 1776 1232 hos
1806 1174 1969 1254 proximos
1993 1193 2095 1236 auitos

331 1297 497 1360 ruraquam
524 1278 706 1340 destiteram
730 1277 811 1339 miro
836 1276 882 1338 illi
912 1276 1007 1340 libro.
1039 1275 1145 1357 quoad
1176 1295 1314 1357 possem,
1344 1295 1471 1358 operam
1502 1278 1674 1358 superare,
1705 1290 1739 1340 ut
1768 1289 1798 1340 et
1822 1279 1979 1342 trounulle
2002 1301 2020 1343 a
2044 1301 2096 1342 me

331 1391 423 1448 antea
447 1393 564 1448 tentata
589 1385 695 1447 denuo
719 1391 853 1448 tractare
877 1403 1007 1465 cogerer
1030 1395 1059 1446 et
1085 1384 1168 1446 lrarrd
1193 1403 1293 1466 paura
1317 1403 1400 1445 uma
1420 1402 1470 1444 me
1489 1384 1605 1446 addere
1629 1405 1720 1466 posse
1745 1405 1913 1468 sperarem.
1947 1385 2096 1470 >dantque

331 1492 409 1554 adeo
433 1511 497 1554 non
523 1511 572 1553 me
596 1493 751 1553 erravisse
775 1491 928 1574 pudebat.
958 1501 992 1553 ut
1017 1511 1123 1553 artium
1152 1509 1221 1552 esse
1250 1490 1420 1552 arbitrarer
1443 1507 1473 1554 et
1497 1491 1535 1553 ab
1561 1491 1631 1552 aliis
1658 1492 1734 1553 mihi
1759 1493 1840 1554 dats
1865 1505 1895 1555 et
1920 1514 2002 1576 <pirae
2027 1495 2096 1578 ipse

331 1600 408 1661 milu
433 1618 577 1682 pararam
602 1598 754 1660 subsidiis
780 1600 899 1667 uisum,
925 1618 1005 1680 quos
1029 1607 1082 1660 aut
1107 1619 1123 1659 a
1149 1617 1199 1660 me
1224 1597 1335 1664 aliisve
1359 1618 1423 1660 uou
1448 1609 1532 1661 reete
1557 1600 1740 1661 emendatis¹
1760 1620 1829 1664 esse
1853 1609 1907 1663 aut
1931 1601 2037 1664 adhue
2062 1603 2094 1662 iu

331 1706 429 1768 libros
459 1713 624 1788 corruptos
652 1707 842 1768 remansisse
872 1705 956 1766 ltreos
985 1724 1173 1788 persuasum
1203 1704 1365 1771 haberem.
1396 1705 1434 1768 de
1455 1707 1585 1788 integro
1614 1709 1798 1769 ‹exaruimrre
1823 1719 1852 1770 et
1883 1708 1960 1790 quid
1985 1709 2025 1771 de
2050 1709 2096 1770 es

331 1813 503 1876 iudiearem
529 1831 712 1896 proponere.

491 1919 529 1982 In
553 1919 771 2000 significandis
796 1919 959 1982 eodieibus
983 1921 1028 1982 eis
1054 1940 1131 1982 usus
1156 1939 1227 1982 sum
1252 1920 1379 1986 litteris.
1404 1921 1522 2002 quibus
1546 1941 1624 1982 usus
1650 1936 1695 1983 est
1722 1920 1879 1985 Duebuer.
