4506 5782
1896 354 1934 413 11

175 549 193 589 a
218 545 269 590 me
293 527 327 588 irr
354 525 407 587 eir
432 530 563 586 terarum
585 529 812 587 commutatum
827 523 939 587 alaine.
958 523 1067 587 CXIX
1085 547 1113 610 p.
1135 527 1199 588 864
1219 532 1249 588 et
1273 545 1346 588 crrnr
1371 525 1532 608 autorum
1558 528 1831 611 eouiurrgendunr,
1856 547 1938 612 quae

175 655 241 697 vox
265 635 389 718 indiget
418 633 613 696 accuratiore
643 631 835 695 delinitione.
888 631 955 694 lam
980 633 1082 695 deleto
1113 635 1301 717 pronomine
1325 633 1384 716 qui
1407 653 1448 696 ex
1476 636 1638 718 superiore
1669 637 1834 699 enuntiato
1858 636 1937 699 falso

175 729 337 824 adscripto
361 739 441 802 nihil
472 745 532 818 est,
565 738 648 820 quod
680 740 869 802 sententiam
900 739 1013 804 turbet.
1060 739 1221 824 Sequitur,
1251 747 1286 804 rrt
1315 741 1411 804 tinem
1436 743 1548 826 capitis
1572 743 1604 804 in
1629 745 1789 826 integrum
1820 749 1936 806 statum

174 867 326 911 revocare
357 865 516 910 conemur.
570 845 627 907 list
658 853 763 908 autem
795 847 840 908 sic
874 847 1009 910 traditus
1041 852 1099 910 tue
1134 847 1251 910 rr'rtute
1282 848 1431 932 superati
1462 849 1601 912 salutern
1631 871 1650 912 a
1683 855 1740 912 trra
1769 851 1937 914 eternente'o

173 954 379 1039 [tepescirnus
405 953 550 1036 petimus
580 957 617 1014 ut
649 953 869 1037 [patienterque
892 958 922 1016 et
945 943 1012 1038 Ui]
1043 959 1073 1016 et
1103 955 1170 1039 [pro
1194 959 1233 1016 ut
1255 954 1336 1018 ier
1361 955 1534 1039 expuncto]
1565 957 1693 1038 qualem
1713 957 1864 1039 qerriiinas
1887 979 1937 1020 ene

170 1062 335 1144 praestiti,
355 1059 496 1123 serrulam
515 1061 552 1121 ire
572 1059 693 1122 er'ru‘uru
714 1059 874 1123 elerlite'ouc
890 1045 1070 1144 praestabo.
1101 1063 1177 1126 Post
1196 1064 1324 1144 qualern
1344 1071 1375 1127 et
1393 1064 1489 1127 finern
1510 1063 1760 1128 orationis'Trrlli
1780 1065 1937 1129 excidisse

173 1177 206 1233 ot
232 1173 359 1233 initium
384 1189 494 1232 corum
517 1169 702 1247 verborum,
733 1188 816 1252 quac
840 1167 956 1232 Caesar
985 1169 1200 1252 respondisset
1231 1173 1289 1234 rati
1321 1172 1456 1234 editores
1488 1172 1635 1234 lacunam
1666 1171 1937 1255 significaverunt,

173 1287 211 1342 rrt
236 1279 384 1362 equidem
410 1277 529 1356 iudico,
560 1296 624 1338 rron
649 1283 741 1340 recte.
787 1275 868 1341 Nam
893 1297 967 1338 cunr
992 1297 1095 1359 neque
1119 1278 1152 1340 irr
1184 1280 1324 1342 oratioue
1354 1280 1448 1360 legati
1472 1280 1584 1342 autin
1609 1298 1760 1362 responso
1785 1279 1936 1362 Caesaris,

170 1392 398 1470 praeterquam
419 1385 504 1468 quod
530 1383 611 1446 levia
631 1383 788 1466 quacdam
812 1391 913 1446 enata
933 1391 1009 1447 sunt
1028 1385 1227 1468 corrigenda,
1252 1386 1427 1470 quidquam
1448 1386 1489 1450 ad
1508 1387 1728 1470 complendam
1747 1388 1936 1451 seutentiam

170 1495 382 1574 desideretur,
406 1513 510 1576 neque
535 1491 700 1554 Caesarem
724 1491 843 1574 legatis
859 1492 999 1554 hostium
1025 1494 1265 1577 respondentem
1291 1494 1399 1556 multis
1422 1493 1529 1557 uerbis
1554 1514 1649 1557 usum
1672 1514 1741 1557 esse
1764 1496 1936 1558 verisimile

170 1604 216 1665 sit
236 1603 303 1676 [cf.
326 1604 375 1668 13.
400 1604 471 1664 bse
494 1599 696 1663 eorrrtier'oues
720 1599 804 1670 eure,
829 1621 895 1662 erou
920 1601 1062 1683 ueer'pcre
1084 1600 1287 1663 conseruisse
1311 1608 1342 1664 et
1367 1603 1417 1676 19,
1442 1605 1513 1666 ese
1540 1601 1704 1664 (iterarem
1729 1622 1794 1664 csse
1817 1601 1932 1683 sidem-

168 1731 237 1790 quc
268 1712 541 1791 praeeminerent),
573 1708 660 1770 uliud
691 1709 853 1790 ‹leprrrrati
884 1709 945 1771 loci
982 1709 1115 1772 sanandi
1146 1709 1321 1772 remedium
1353 1729 1421 1772 esse
1454 1710 1670 1773 adhibendum
1701 1709 1835 1774 videtur.
1888 1711 1936 1772 Ac

169 1818 313 1900 primum
338 1815 459 1878 haesito
484 1815 622 1878 auferri
647 1824 784 1896 nequeat
807 1815 943 1878 verbum
966 1815 1176 1898 deposcimus,
1203 1816 1288 1898 quod
1312 1836 1386 1879 cunr
1410 1817 1530 1897 legatos
1554 1817 1691 1879 civitatis
1714 1835 1814 1899 paene
1835 1818 1935 1881 victae

169 1925 288 1988 victori
313 1924 388 1986 duci
418 1923 632 2006 supplicantes
663 1923 795 1985 minime
825 1923 936 1986 decere
960 1924 993 1985 in
1018 1925 1184 2007 propatulo
1214 1925 1268 2004 sit,
1301 1925 1509 2008 depravatum
1534 1931 1563 1987 et
1592 1925 1672 1986 falso
1703 1925 1842 2008 pesitum
1866 1943 1936 1988 esse

167 2032 282 2095 iudico
306 2036 379 2094 ante
408 2029 567 2112 petrinus,
600 2048 682 2111 quae
705 2049 770 2091 von
794 2037 825 2092 et
848 2049 882 2093 re
906 2037 936 2092 et
960 2033 1196 2094 constructione
1219 2031 1257 2093 ad
1283 2050 1332 2112 ea,
1357 2051 1438 2114 quae
1462 2031 1655 2095 antecedunt
1678 2031 1775 2094 rerba
1797 2032 1933 2094 salveterre

165 2161 189 2202 a
220 2144 277 2200 tun
301 2137 469 2200 sternentia
492 2145 539 2200 est
563 2138 732 2220 aptissima.
779 2137 925 2217 Accedit,
950 2137 1036 2219 quod
1059 2139 1091 2199 in
1117 2138 1244 2220 optimis
1269 2136 1432 2200 codicibus
1456 2138 1628 2219 deestque
1652 2139 1685 2200 in
1709 2138 1740 2201 U
1764 2145 1794 2201 et
1818 2137 1843 2201 F
1865 2157 1935 2222 per-

167 2267 282 2331 peram
312 2247 523 2328 adscriptum,
555 2246 588 2307 iu
618 2245 667 2308 lris
697 2246 774 2327 ipsis
805 2251 911 2307 autem
942 2249 973 2308 et
1002 2244 1035 2306 in
1066 2241 1093 2306 D
1124 2264 1187 2307 non
1222 2249 1258 2306 ut
1285 2245 1341 2308 sed
1370 2249 1401 2305 et
1430 2251 1600 2322 exaratum
1626 2252 1680 2308 est.
1737 2244 1935 2330 Quapropter

166 2355 325 2416 videntur
348 2354 381 2416 irr
413 2359 559 2436 corrupte
590 2353 762 2437 archetypo
792 2353 891 2416 fuisse
921 2353 997 2416 haec
1026 2352 1164 2414 salutern
1187 2373 1207 2414 a
1232 2357 1288 2414 tue
1317 2351 1485 2414 cleeruutr'e
1511 2352 1657 2434 petrinus
1680 2353 1882 2436 depectimus
1906 2358 1935 2415 ei

164 2461 301 2545 (petatem
327 2466 383 2524 etc.
430 2460 468 2522 ln
493 2460 541 2522 his
566 2451 671 2522 autem
695 2459 802 2523 verbis
826 2461 983 2542 corruptis
1007 2459 1209 2542 (tepescimus
1233 2464 1263 2522 et
1294 2460 1390 2524 latere
1414 2462 1558 2543 suspicor
1580 2459 1836 2544 Responsum
1860 2468 1960 2542 est„

164 2569 302 2651 qualern
326 2574 396 2639 ete,
421 2569 594 2640 ctr.13,t'r
625 2566 745 2649 quitus
769 2566 937 2648 respoudit
964 2565 1080 2628 (laesae
1103 2575 1133 2630 ct
1161 2569 1258 2647 19,6
1293 2567 1420 2642 errlrus
1445 2567 1620 2650 respoudit.
1662 2567 1696 2631 Si
1727 2570 1800 2651 quis
1828 2576 1934 2632 autem

165 2676 312 2758 diffidat,
335 2676 431 2739 rerba
456 2675 496 2738 ad
521 2675 762 2758 intelligendum
785 2675 938 2738 facillima
961 2675 1056 2737 talem
1078 2675 1112 2736 in
1137 2674 1267 2737 modum
1292 2694 1385 2758 posse
1408 2676 1578 2759 corrumpi,
1598 2675 1738 2737 conferat
1758 2677 1809 2756 35,
1832 2681 1859 2756 l,
1878 2675 1934 2739 ubi

165 2803 285 2850 omnes
309 2783 433 2846 codices
458 2783 535 2845 haec
554 2782 671 2846 habent
695 2781 748 2845 lin
772 2773 908 2844 cunrad
929 2780 1088 2864 oppidum
1110 2801 1176 2842 sese
1196 2781 1367 2860 tumul-um,
1392 2781 1448 2844 uhi
1470 2783 1548 2864 quin
1568 2783 1720 2866 scriptum
1740 2783 1837 2846 fuerit
1855 2788 1934 2846 esset

166 2896 307 2954 ceritum
331 2910 424 2954 nemo
449 2890 586 2970 dubitat,
610 2896 641 2952 et
664 2890 788 2953 desinet
810 2908 861 2952 me
885 2890 1001 2952 nimiae
1025 2888 1210 2952 insimulare
1234 2889 1394 2951 audaciae.
1441 2887 1629 2952 Extremum
1654 2896 1714 2970 est,
1738 2897 1774 2953 nt
1797 2909 1933 2954 comme-

165 3018 308 3078 morem,
338 3004 408 3080 post
437 2997 565 3078 qualern
595 2997 752 3060 excidisse
783 2996 882 3058 videri
913 2995 1040 3057 alienis.
1095 2995 1209 3057 Totum
1240 2996 1338 3078 igitur
1361 2996 1468 3058 locum
1492 2997 1538 3059 sic
1562 2997 1657 3059 velim
1682 2997 1803 3060 scribas
1830 2996 1933 3059 tiltres

165 3109 323 3190 sierresiac
346 3105 456 3166 luvrrries
480 3103 636 3185 quonium
661 3105 704 3165 nel
726 3103 811 3164 horre
833 3103 1005 3185 fortunam
1030 3101 1220 3182 recitarunt,
1245 3107 1275 3164 et
1296 3103 1380 3164 eires
1402 3103 1545 3165 Itonreui
1568 3103 1752 3187 iude'pernus
1772 3103 1934 3187 praesidii

167 3219 200 3276 et
218 3218 353 3296 propter·
370 3211 498 3295 petrice
516 3212 698 3274 luctuosum
715 3210 891 3293 parturiere
912 3211 1062 3272 riediruur·
1080 3210 1223 3272 hostium
1243 3231 1388 3290 neenrern,
1414 3211 1474 3293 qui
1491 3233 1593 3293 neque
1612 3212 1650 3274 iu
1670 3212 1760 3276 illius
1776 3233 1932 3294 prospere

171 3322 310 3402 fortuna
331 3320 490 3403 priorum,
516 3339 618 3400 neque
638 3319 673 3379 r'rr
693 3319 827 3381 adressa
844 3319 1020 3382 ⁴secer-rulers
1039 3309 1245 3380 corruiturus·
1264 3318 1374 3382 uee'eru.
1423 3319 1484 3382 eu
1503 3324 1638 3382 terarum
1656 3319 1749 3403 [quil
1769 3319 1930 3400 leqe'orunrr

176 3433 221 3489 tot
241 3428 384 3511 irrrpetus
407 3429 626 3488 srrsterriaulcs
657 3424 828 3486 ucetrerur's
858 3425 1054 3507 riiuruisquc
1086 3425 1237 3508 operibus
1264 3425 1449 3508 ptcdioeueu
1472 3427 1557 3490 ictus
1588 3427 1786 3507 teterrimique
1809 3427 1932 3490 ureae

174 3540 372 3618 exceptantes
397 3533 535 3618 [Dinter·,
567 3537 766 3615 especieuies
791 3532 892 3615 codd]
917 3532 1022 3595 relicti
1045 3532 1283 3617 [Nipperdeius3
1319 3532 1396 3596 ra'etr'
1419 3532 1519 3614 cedd]
1544 3538 1574 3595 et
1596 3533 1753 3596 desertio
1780 3532 1932 3616 Pompeio

171 3647 230 3704 tue
255 3643 375 3704 ririute
401 3641 550 3724 supe-ruti
578 3642 714 3703 salutern
746 3661 766 3702 u
791 3645 848 3702 triu
878 3641 1046 3702 alerenen
1076 3640 1229 3722 paliurus.
1286 3639 1493 3722 Responsum
1521 3644 1587 3702 est:
1623 3639 1780 3715 „erulcrn
1814 3639 1932 3702 alicius

164 3749 321 3832 perstiteris
345 3771 396 3811 me
415 3747 583 3830 praestiti,
607 3747 749 3809 sirru'lem
771 3747 810 3808 eri
833 3747 957 3809 eim'uru
980 3747 1140 3810 deditione
1161 3746 1365 3830 prestatur

964 3941 1091 4022 xrrrr,
1115 3945 1143 4006 a

334 4069 386 4132 Itu
414 4068 530 4140 litteris
560 4068 697 4150 ererepie's
725 4089 800 4130 erun
832 4068 868 4130 iu
899 4067 1058 4150 appellum
1088 4067 1280 4136 rerertisset,
1314 4068 1374 4149 qui
1403 4067 1527 4130 rru‘ttere
1557 4068 1707 4150 plererleru
1737 4068 1931 4152 r'rrsempiern

163 4177 383 4240 serlebnrrt***.
441 4175 632 4258 Insequenti
660 4180 799 4258 ternpore
822 4175 886 4236 cliro
916 4175 1075 4237 Lusitani
1096 4175 1215 4256 [ratres
1247 4182 1303 4238 etc.
1350 4173 1563 4258 Nipperdeius
1593 4177 1731 4239 correxit
1759 4175 1878 4238 solebat
1901 4159 1932 4239 et

165 4289 319 4350 lacunam
344 4286 480 4352 notavit:
507 4305 570 4366 qua
595 4289 701 4346 notata
724 4304 788 4347 non
814 4283 978 4352 tolluntur,
1003 4303 1085 4365 quae
1109 4289 1184 4344 sunt
1208 4289 1375 4365 suspecta„
1404 4281 1530 4347 Etenim
1555 4284 1582 4345 si
1607 4284 1678 4366 quis
1702 4285 1932 4347 existimaverit

164 4397 320 4458 lacunam
351 4395 384 4454 in
412 4392 498 4454 hunc
527 4391 592 4454 fere
623 4390 753 4452 nrodunr
785 4409 854 4453 esso
884 4391 1076 4473 explendam
1105 4411 1248 4472 prensus
1271 4395 1300 4450 et
1323 4391 1446 4452 occisus
1476 4396 1535 4460 est,
1567 4392 1601 4453 irr
1631 4392 1733 4473 capito
1756 4389 1823 4452 XX
1854 4391 1931 4454 haec

166 4503 324 4583 leguntur
347 4499 417 4561 lla·
438 4499 611 4582 praeterito
631 4503 770 4580 ierrqrore
791 4497 825 4558 iu
846 4497 974 4580 oppido,
999 4499 1085 4579 quod
1102 4497 1171 4578 suit
1188 4503 1329 4580 euplum,
1353 4518 1465 4559 seruus
1484 4503 1530 4560 esi
1549 4517 1692 4580 pressus
1712 4497 1749 4560 ier
1768 4497 1903 4560 eerrre'eul
1923 4549 1929 4568 ,

165 4629 268 4691 qruru
290 4629 393 4690 siqrru
420 4606 715 4670 deterenstrrrrr'rrurs
743 4605 916 4668 dorreiuruu
948 4605 1114 4686 ierprrluse:
1150 4605 1178 4666 is
1202 4605 1297 4667 rr'eus
1320 4608 1365 4665 est
1393 4603 1588 4667 corrrirustus.
1637 4605 1806 4668 Praeterea
1829 4627 1930 4669 enun-

166 4719 286 4780 tiatum
310 4716 478 4778 relativum
502 4713 562 4795 qui
583 4713 709 4775 rru'ttere
730 4711 881 4793 plerrderrr
904 4712 1100 4794 r'rrseripturn
1123 4712 1241 4774 solebat
1264 4711 1335 4774 ideo
1360 4731 1423 4773 nen
1449 4717 1551 4794 potest
1575 4719 1671 4790 stare,
1701 4713 1785 4794 quod
1811 4733 1851 4775 cx
1875 4715 1930 4794 eis,

167 4841 256 4906 quae
274 4829 366 4885 antea
386 4827 563 4901 narrantur,
587 4841 661 4884 errnr
680 4821 777 4883 semel
802 4827 925 4882 tantum
945 4829 1038 4882 antea
1056 4819 1212 4881 indicium
1231 4820 1264 4881 in
1288 4819 1405 4901 glande
1424 4804 1575 4901 scriptum
1601 4839 1641 4881 ex
1661 4819 1793 4902 Pompei
1817 4821 1929 4882 castris

169 4931 297 4993 irrisisse
321 4939 457 5013 apparet.
511 4927 632 5003 Quodsi
664 4948 767 4990 rerum
794 4947 978 4990 connexum
1007 4925 1118 4989 June.
1149 4925 1258 4988 cxlx
1281 4947 1309 5009 p.
1335 4928 1399 4990 865
1431 4926 1623 5008 explicatum
1654 4927 1867 5008 perspexerim
1899 4931 1929 4988 te

169 5057 237 5100 non
260 5037 416 5115 fefellerit,
447 5045 577 5100 extrrrso
606 5035 665 5118 qui
695 5036 799 5098 locum
824 5037 867 5098 ita
890 5052 959 5099 csse
990 5034 1193 5098 scribendum
1227 5033 1276 5096 liu
1307 5033 1423 5096 litteris
1450 5031 1586 5116 (receptis
1610 5053 1683 5093 eum
1709 5032 1745 5093 iu
1769 5031 1926 5114 oppidum

1732 5154 1769 5211 2*
