4506 5782
347 383 389 444 22

345 561 529 643 scriptorem
547 559 583 622 Β.
599 557 639 623 Η.
656 559 740 622 haud
766 577 837 622 raro
863 559 947 623 idem
971 557 1142 643 signifieat,
1165 565 1263 642 atque
1280 557 1400 621 militas
1420 561 1449 640 3,
1468 561 1488 624 9
1508 557 1739 622 mutiruabaut
1756 558 1855 642 probe
1875 577 1994 640 mopere
2020 575 2108 642 pars

346 667 532 746 taurinum,
563 667 624 750 qui
652 667 688 728 iu
720 665 772 728 lu's
801 665 918 728 eastris
944 665 1097 748 trauseat.
1149 668 1247 744 13,ss
1277 665 1343 748 sere
1365 685 1487 748 errapua
1512 685 1594 747 pars
1617 665 1804 746 lemuiuum,
1835 665 1895 749 qui
1923 663 2111 728 incastris

346 774 468 837 nostres·
494 779 612 841 esseest.
644 793 711 836 uon
741 771 936 836 dubitarunt
959 774 1059 850 30‚4
1097 772 1189 848 (laod
1217 793 1293 835 ciera
1321 772 1495 836 kouceuum
1520 773 1550 857 [i.
1575 792 1600 838 e.
1624 773 1761 836 militurn
1785 773 1818 836 in
1843 773 1910 840 acie
1933 769 2110 855 stantium]

344 881 483 944 (acribus
506 885 586 946 esset
607 879 774 944 obiectum.
823 879 936 964 Itaque
959 880 1106 943 leoun'ues
1130 881 1318 944 vertendum
1342 887 1389 944 est
1412 880 1500 944 selue
1521 877 1633 944 Leule.

1159 1057 1232 1140 xa,
1256 1061 1287 1122 e.

504 1185 660 1248 reourezelli
682 1201 717 1248 ea
737 1205 854 1274 pupae
875 1184 1024 1268 scaptos,
1049 1204 1131 1267 quae
1153 1184 1196 1246 ad
1218 1183 1297 1246 litas
1320 1183 1483 1266 sarranis
1499 1188 1671 1266 oocuparet,
1703 1183 1781 1246 item
1804 1182 1960 1246 mureedli
1983 1183 2051 1267 [est
2075 1185 2110 1246 in

343 1291 440 1378 ‘1¹qu
464 1293 644 1374 correpturos
668 1292 777 1355 maredo
799 1293 842 1354 ad
863 1309 971 1370 uorem,
996 1311 1078 1373 luae
1096 1290 1135 1352 iu
1152 1291 1220 1354 sale
1238 1289 1382 1374 fueraut,
1406 1311 1439 1354 se
1457 1290 1630 1373 recipiunt.
1665 1289 1793 1354 Delevit
1811 1291 1915 1354 Aldus
1934 1290 2111 1370 nonnulli,

346 1400 432 1483 quod
456 1400 545 1463 deest
567 1401 600 1462 in
620 1401 742 1484 aliquot
760 1399 939 1478 codicibus,
963 1405 1091 1482 propter
1113 1400 1301 1482 insequens,
1324 1407 1360 1462 ut
1383 1399 1518 1478 ridetur,
1541 1399 1730 1480 complures.
1770 1399 1830 1462 Sed
1851 1398 2029 1462 tenendum
2050 1407 2112 1462 est.

344 1505 523 1590 complures
549 1511 655 1570 antem
673 1515 721 1570 est
739 1506 1000 1590 eoniangendum
1019 1525 1091 1570 eum
1111 1527 1208 1570 nares
1227 1525 1244 1570 e
1263 1507 1425 1591 scriptoris
1444 1507 1675 1570 consuetudine
1694 1507 1859 1569 nonnullis
1878 1507 1984 1569 vorbis
2005 1507 2112 1569 inter-

344 1615 454 1699 positis
478 1635 496 1677 a
519 1615 718 1678 substantivo
742 1616 895 1694 seiuncta,
920 1634 984 1698 qua
1007 1614 1046 1677 de
1069 1614 1300 1678 consuetudine
1324 1614 1377 1676 eir.
1399 1633 1508 1696 propr.
1532 1612 1633 1676 ilisa.
1658 1611 1953 1681 MDCCCLXXVI.
1977 1634 2006 1696 p.
2029 1616 2061 1676 4.

1152 1791 1241 1872 xor,
1268 1796 1294 1856 1.

504 1915 629 1980 Fabius
654 1915 832 1996 Mammas,
856 1938 951 1999 quem
974 1915 1018 1980 ad
1040 1915 1202 1980 lluadam
1223 1916 1429 2000 praesidium
1452 1917 1714 2000 oppupuauduut
1737 1916 1923 1999 reliquerat,
1948 1916 2110 2000 operibus

344 2023 489 2086 assidetis
513 2022 684 2106 larru'sque
713 2023 750 2108 [L
775 2024 861 2104 Scan
893 2024 1002 2087 tumis
1024 2023 1089 2102 TL3
1125 2025 1235 2087 iurru's
1258 2023 1298 2102 F3
1331 2023 1464 2087 diurnis
1490 2024 1609 2093 Pena:
1643 2029 1673 2088 et
1687 2023 1832 2086 ¹diurru's
1856 2022 1897 2108 V]
1921 2023 2048 2086 ciemuu
2075 2045 2111 2086 se

345 2131 517 2194 interclusi
539 2131 626 2193 iuter
648 2153 681 2194 se
699 2132 862 2194 deseruere
883 2131 971 2214 foeta
989 2132 1079 2195 caede
1098 2131 1174 2194 bene
1192 2153 1312 2214 tuaque
1329 2132 1469 2215 saciant.
1510 2131 1692 2196 Certissima
1710 2129 1899 2196 estDinleri
1919 2133 2110 2194 coniectura

273 2269 276 2276 ·
345 2243 376 2301 et
399 2239 527 2322 elegans
550 2237 695 2301 assiduis
718 2238 851 2302 diurnis
876 2239 1122 2321 electarumque,
1153 2239 1192 2302 ad
1223 2259 1319 2322 quam
1348 2239 1542 2303 fulciendam
1572 2238 1650 2302 mihi
1674 2239 1768 2302 liceat
1797 2237 1913 2302 addere
1943 2235 2106 2301 Frontiu.

344 2365 419 2429 aqu.
445 2350 507 2412 104
530 2345 680 2410 salientes
703 2345 930 2409 assiduissime
959 2345 1105 2410 interdiu
1134 2351 1164 2410 et
1194 2351 1300 2409 uoetu.
1355 2346 1393 2408 In
1421 2347 1577 2430 proximis
1607 2352 1713 2409 antem
1745 2344 1784 2409 ab
1816 2364 1854 2410 eo
1883 2345 1968 2408 hand
1998 2363 2109 2428 panca

345 2454 510 2537 supplente
532 2453 632 2518 rerba
654 2454 814 2533 dissentio,
839 2456 957 2538 quippe
981 2456 1035 2538 qui
1055 2473 1120 2518 nna
1140 2460 1263 2518 tantum
1286 2453 1412 2535 syllaba
1435 2453 1542 2517 addita
1565 2459 1597 2517 et
1614 2451 1795 2516 discordare
1812 2452 1980 2532 infinitiva
2004 2471 2108 2535 quern

330 2579 418 2634 ⁴curn
442 2560 633 2644 Nipperdeio
656 2580 713 2644 pro
736 2560 899 2623 decerriere
922 2560 1126 2624 scribendum
1150 2579 1219 2624 esse
1242 2567 1328 2644 puto,
1358 2561 1463 2624 locum
1487 2559 1648 2624 emendari
1671 2579 1763 2644 posse
1787 2561 1864 2622 mihi
1888 2559 2106 2643 persuaserim

344 2668 389 2730 ite
413 2667 613 2752 distinguens
632 2665 758 2729 Folu'us
777 2717 783 2730 .
804 2717 810 2730 .
830 2720 836 2732 .
858 2719 863 2731 .
883 2666 1034 2749 operibus
1056 2666 1200 2730 assiduis
1219 2666 1351 2729 diarru's
1376 2665 1609 2748 erectae-rusque
1631 2667 1852 2730 m'reeausedit
1871 2667 1925 2750 [se.
1945 2665 2107 2730 Mundam

344 2773 559 2858 praesidium}
612 2773 787 2858 interclusi
812 2773 898 2836 iuter
921 2795 954 2836 se
977 2773 1177 2836 discordare:
1208 2774 1294 2856 faeta
1325 2775 1415 2838 caede
1443 2775 1519 2838 leue
1548 2795 1667 2856 ruaqreo
1691 2775 1945 2859 eruptionem
1968 2772 2107 2855 sariunt

344 2881 398 2966 [ex
417 2881 636 2945 emendatione
655 2879 800 2964 Dinteri].
829 2881 1030 2944 simillimam
1053 2887 1244 2944 structuram
1265 2883 1309 2944 ita
1328 2884 1545 2962 constitutam,
1569 2889 1606 2945 nt
1628 2882 1763 2946 verbum
1781 2882 1907 2944 linitum
1927 2881 2107 2962 asyndetus

344 2990 482 3072 excipiat
504 2987 683 3052 infinitivus
707 2989 891 3070 historicus,
914 2988 994 3072 legis
1018 2989 1075 3068 ⁶23,
1098 2992 1119 3052 4
1143 2987 1217 3071 Ipse
1240 2989 1347 3053 eodeni
1371 2989 1424 3075 [ex
1448 2988 1590 3074 eonieot]
1616 2994 1755 3072 ternpore
1777 3009 1923 3068 coenare,
1948 2989 2053 3052 sicam
2081 2989 2105 3068 i·

344 3100 374 3159 el
398 3097 539 3160 nardum
564 3095 737 3158 identidem
760 3095 825 3158 silei
849 3094 1010 3177 iufundit.

1149 3255 1238 3338 xor,
1263 3261 1291 3322 4.

504 3381 580 3445 Huc
601 3381 771 3462 (eremitat,
797 3387 943 3464 utaque
961 3388 1190 3465 praeterquam
1215 3383 1250 3446 iu
1275 3383 1348 3466 ipso
1372 3383 1490 3466 oppido
1514 3403 1592 3446 ream
1617 3385 1698 3468 [urm
1722 3382 1756 3466 ll]
1781 3381 1990 3446 (irritamina
2014 3403 2101 3444 reres-

344 3509 444 3572 quam
469 3489 672 3571 reperiretur.
720 3487 813 3568 Inde,
843 3490 927 3574 quod
953 3508 1063 3554 omnes
1085 3490 1160 3553 boni
1193 3491 1316 3554 codices
1341 3491 1457 3554 labent
1481 3511 1568 3571 rraru,
1602 3491 1626 3554 F
1649 3498 1754 3554 mrtem
1780 3511 1863 3568 erere,
1887 3491 2042 3573 sequitur,
2068 3495 2104 3552 ut

345 3598 437 3660 liceat
460 3597 616 3680 suspicari
646 3598 678 3659 in
709 3599 880 3680 archetypo
909 3597 1007 3660 fuisse
1040 3618 1156 3678 eierare,
1188 3618 1251 3681 qua
1281 3600 1313 3662 in
1347 3605 1494 3682 corrupta
1519 3619 1595 3663 virae
1620 3600 1716 3662 latere
1746 3605 1823 3681 puto
1855 3603 2037 3661 truncatum
2066 3595 2101 3656 iu

345 3723 486 3788 corripe,
510 3704 563 3768 eir.
583 3706 635 3780 27,
659 3706 679 3767 6
704 3703 738 3766 iu
764 3725 917 3786 cerepum
942 3703 1157 3767 Mreredeusem
1181 3725 1254 3768 euru
1279 3710 1359 3768 esset
1384 3710 1524 3768 reulum.

1143 3881 1248 3964 XLII,
1273 3887 1301 3947 b.

504 4007 551 4069 Ae
575 4007 632 4090 [sic
656 4009 799 4090 plerique
823 4008 961 4083 colias
987 4006 1057 4068 Har
1079 4005 1169 4083 nnn,
1200 4005 1241 4070 Ut
1264 4005 1292 4069 D
1317 4006 1407 4089 corrl
1433 4005 1608 4090 Ilruquius
1632 4007 1655 4090 †
1678 4007 1721 4070 ad
1742 4005 1899 4090 oppidum
1923 4028 2097 4090 opprrpua-

345 4113 465 4176 tiouem
491 4113 640 4176 latiorem
670 4115 823 4196 efficeret,
853 4135 981 4177 errrueem
1008 4113 1172 4176 ¹erraterieur
1204 4113 1326 4176 ee'urnu
1357 4113 1515 4196 oppidum
1540 4114 1699 4177 srum'saru
1725 4114 1813 4178 iutro
1836 4115 2003 4196 eoupesu'l.
2053 4115 2100 4176 „te

344 4222 530 4305 particulam
554 4223 587 4284 in
612 4223 714 4305 eapite
738 4223 894 4284 enuntiati
919 4228 1080 4285 exaratam
1105 4241 1168 4284 non
1193 4241 1285 4305 posse
1308 4221 1381 4284 ferri
1407 4241 1447 4284 ex
1467 4222 1513 4284 eis
1531 4221 1729 4305 intelligitur,
1754 4223 1886 4304 quaein
1907 4223 2100 4306 praefatione

343 4328 441 4391 huius
464 4328 563 4392 libelli
587 4330 730 4412 exposui.
777 4327 990 4412 Nipperdeius
1014 4330 1193 4413 suspicatus
1217 4335 1264 4391 est
1288 4327 1373 4392 Nam
1402 4328 1575 4412 Pompeias
1599 4341 1672 4403 ete.;
1698 4329 1829 4392 traditis
1852 4336 1956 4392 autem
1978 4330 2098 4392 litteras

344 4436 571 4518 scriptorisque
599 4435 862 4499 consuetudinem
894 4435 946 4498 lu'e
969 4443 999 4498 et
1028 4435 1091 4498 lieu
1122 4435 1280 4499 adverbiis
1310 4435 1472 4499 liberrime
1503 4438 1634 4516 utentis,
1667 4436 1792 4520 quade
1821 4455 1854 4500 re
1881 4436 1989 4500 eonfer
2012 4437 2045 4504 5,
2069 4437 2097 4497 ⁶2.

346 4543 375 4623 6,
395 4545 422 4605 4.
451 4545 499 4622 14,
519 4545 548 4606 3.
572 4545 623 4615 25,
643 4547 663 4606 4
684 4543 783 4605 multa
803 4543 864 4605 alisi
883 4544 964 4624 lora,
987 4544 1160 4626 respiciens
1178 4563 1242 4606 non
1263 4543 1374 4606 dubito
1394 4545 1550 4626 corrigere
1570 4543 1646 4607 lluc
1666 4543 1841 4626 Pompeius
1860 4549 1916 4608 ete.
1948 4543 2097 4606 Proxima

344 4641 566 4712 verberantem
587 4649 691 4713 adilae
710 4651 855 4732 indigent
873 4657 958 4712 certa
977 4650 1206 4714 enrendatione.
1236 4649 1408 4734 Nipperdei
1427 4651 1512 4714 eninr
1531 4650 1612 4714 illud
1633 4655 1669 4712 ut
1687 4651 1846 4733 oppu'dum
1864 4649 1907 4712 ad
1924 4669 2093 4732 oppupua·

345 4756 465 4818 tionem
490 4756 595 4818 tutius
618 4755 767 4839 efficeret,
793 4776 989 4840 quamquam
1012 4777 1045 4820 re
1069 4762 1117 4819 est
1139 4758 1353 4840 aptissimum,
1377 4765 1481 4820 tamen
1507 4757 1676 4831 audacius,
1708 4777 1803 4840 quam
1828 4758 1935 4820 serius
1958 4757 2095 4820 videtur:

345 4883 449 4948 neque
479 4864 573 4939 aliae,
605 4884 686 4946 quae
716 4866 894 4948 propositae
924 4870 1000 4927 sunt
1030 4863 1069 4926 ab
1093 4864 1164 4928 aliis
1195 4865 1444 4944 emendationes
1475 4864 1673 4928 sittisfosiunt
1703 4864 1852 4928 omnibus
1883 4884 1923 4928 ex
1947 4864 2095 4948 portibus.

345 4989 448 5054 neque
469 4969 611 5033 Oberlini
630 4974 669 5033 ul
691 4969 806 5053 oppidi
823 4971 1099 5060 oppuprurtiouem
1125 4971 1290 5039 leretioreru
1315 4971 1463 5060 efficeret,
1489 4993 1593 5056 noque
1613 4972 1715 5039 Keohi
1734 4971 1969 5061 impeditiorem
1996 4987 2095 5060 neque

345 5095 414 5151 area
439 5076 621 5142 tardiorem.
